<?xml version="1.0" encoding="UTF-8"?><collection xmlns="http://www.loc.gov/MARC21/slim"><record><leader>00549nam--2200169-i-4500</leader><controlfield tag="001">000005353</controlfield><controlfield tag="002">20161230</controlfield><controlfield tag="005">20170117001224</controlfield><controlfield tag="008">060222s1000------------r-----000-0-eng-d</controlfield><datafield ind1=" " ind2=" " tag="080"><subfield code="a">621.039.514</subfield></datafield><datafield ind1=" " ind2=" " tag="100"><subfield code="a">Ackermann, Gerhard</subfield></datafield><datafield ind1=" " ind2=" " tag="245"><subfield code="a">Ein nomogramm zur berechung der negativen reaktivitat inforge der xenonvergiftung am ende einer betriebspause beim forschungsreak tor rossendorf</subfield></datafield><datafield ind1=" " ind2=" " tag="260"><subfield code="a">Rossendorf</subfield><subfield code="b">Zentralinstitut Fur Kernphysik</subfield><subfield code="c">1960</subfield></datafield><datafield ind1=" " ind2=" " tag="300"><subfield code="a">13 p. + 3 Figuri</subfield></datafield><datafield ind1=" " ind2=" " tag="490"><subfield code="a">6</subfield></datafield><datafield ind1=" " ind2=" " tag="852"><subfield code="a">14578</subfield></datafield><datafield ind1=" " ind2=" " tag="CAT"><subfield code="a">SYS</subfield><subfield code="c">20170117</subfield><subfield code="h">001224</subfield></datafield></record></collection>